@mastersthesis{mastersthesis:Biondi,
  author       = {Riccardo Biondi},
  title        = {Implementation of an Authomated Pipeline for the Identification of Ground Glass Opacities in Chest CT Scans of Patient Affected by COVID-19},
  school       = {Alma Mater Studiorum - Università di Bologna, School of Science},
  year         = 2020,
  address      = {riccardo.biondi7@unibo.it},
  month        = 12,
}

@article{ART:Biondini,
  author       = {Boaro, M. P. and Biondi, R. and Biondini, N. and Collado Gimbert, A. and JM, E. F. and Pinto, V. and Romano, N. and Voi, V. and Ferrero, G. B. and Casale, M. and Cirillo, M. and Palazzi, G. and Cavalleri, F. and Forni, G. L. and Reggiani, G. and Perrotta, S. and Manu Pereira, M. and Zazo, S. and Marias, K. and De Montalembert, M. and Bartolucci, P. and van Beers, E. and Alvarez, F. and Cremonesi, F. and Sanavia, T. and Fariselli, P. and Castellani, G. and Manara, R. and Colombatti, R.},
  title        = {S265: RADIOMICS AND ARTIFICIAL INTELLIGENCE FOR IDENTIFICATION AND MONITORING OF SILENT CEREBRAL INFARCTS IN SICKLE CELL DISEASE: FIRST ANALYSIS FROM THE GENOMED4ALL EUROPEAN PROJECT},
  journal = {HemaSphere},
  volume = {6},
  year = {2022},
  number = {},
  pages = {166-167},
  doi = {10.1097/01.HS9.0000843952.59228.1d},
}

@misc{SickleCell,
  title         = {What is {Sickle Cell Disease}?},
  howpublished  = {\url{https://www.cdc.gov/ncbddd/sicklecell/facts.html}},
  note          = {Accessed: 19/02/2023},
}

@misc{SickleCell_symptoms,
  title         = {NHS. Sickle Cell Disease: Symptoms},
  howpublished  = {\url{https://www.nhs.uk/conditions/sickle-cell-disease/symptoms/}},
  note          = {Accessed: 24/02/2023},
}

@article{ART:Pegelow,
    author      = {Pegelow, Charles H. and Wang, Winfred and Granger, Suzanne and Hsu, Lewis L. and Vichinsky, Elliott and Moser, Franklin G. and Bello, Jacqueline and Zimmerman, Robert A. and Adams, Robert J. and Brambilla, Donald and for the STOP Trial},
    title       = {Silent Infarcts in Children With Sickle Cell Anemia and Abnormal Cerebral Artery Velocity},
    journal = {Archives of Neurology},
    volume = {58},
    number = {12},
    pages = {2017-2021},
    year = {2001},
    month = {12},
    doi = {10.1001/archneur.58.12.2017},
}


@article{ART:Debaun,
  author        = {DeBaun, M.R. and Armstrong, F.D. and McKinstry, R.C. and Ware, R.E. and Vichinsky, E and Kirkham F.J.},
  title         = {Silent cerebral infarcts: a review on a prevalent and progressive cause of neurologic injury in sickle cell anemia.},
  journal       = {Blood},
  volume        = {119-120},
  year          = {2012},
  month         = {05},
  pages         = {4587-96},
  doi           = {10.1182/blood-2011-02-272682},
}


@article{ART:Howing,
  author        = {Houwing, M.E. and Grohssteiner, R.L. and Dremmen, M.H.J. and Atiq, F. and Bramer, W.M. and de Pagter, A.P.J. and Zwaan, C.M. and White, T.J.H and Vernooij, M.W. and Cnossen, M.H.},
  title         = {Silent cerebral infarcts in patients with sickle cell disease: a systematic review and meta-analysis},
  journal       = {BMC Medicine},
  volume        = {18},
  year          = {2020},
  month         = {},
  pages         = {393},
  doi           = {10.1186/s12916-020-01864-8},
}

@misc{Genomed4All,
  title         = {GENOMED4ALL: Genomics For Next Generation Healthcare},
  howpublished  = {\url{http://genomed4all.eu/}},
  note          = {Accessed: 19/02/2023},
}

@article{ART:Elastix,
  author={Klein, Stefan and Staring, Marius and Murphy, Keelin and Viergever, Max A. and Pluim, Josien P. W.},
  journal={IEEE Transactions on Medical Imaging}, 
  title={elastix: A Toolbox for Intensity-Based Medical Image Registration}, 
  year={2010},
  volume={29},
  number={1},
  pages={196-205},
  doi={10.1109/TMI.2009.2035616}}

@article{ART:Larobina,
  author    = {Larobina, Michele and Murino, Loredana},
  title     = {Medical Image File Formats},
  journal   = {Journal of Digital Imaging},
  volume    = {27},
  issue     = {2},
  year      = {2014},
  issn = {27},
  doi = { 10.1007/s10278-013-9657-9},
}


@mastersthesis{mastersthesis:Filitto,
  author       = {Giuseppe Filitto},
  title        = {Implementation of an automated pipeline to predict the response to neoadjuvant chemo-radiotherapy of patients affected by colorectal cancer},
  school       = {Alma Mater Studiorum - Università di Bologna, School of Science},
  year         = 2021,
}


@misc{Graphic_encyclopedia,
  title         = {The Encyclopedia of Graphics File Formats.},
  howpublished  = {\url{http://www.fileformat.info/mirror/egff/}},
  note          = {Accessed: 22/02/2023},
}


@article{ART:NMRHistory,
  title={A brief history of nuclear magnetic resonance},
  author={Becker, Edwin D.},
  journal={Analytical chemistry},
  volume={65},
  number={6},
  pages={295A--302A},
  year={1993},
  publisher={ACS Publications}
}

@article{ART:Bloch,
  title = {Nuclear Induction},
  author = {Bloch, F. and Hansen, W. W. and Packard, Martin},
  journal = {Phys. Rev.},
  volume = {69},
  issue = {3-4},
  pages = {127--127},
  numpages = {0},
  year = {1946},
  month = {02},
  publisher = {American Physical Society},
  doi = {10.1103/PhysRev.69.127},
  url = {https://link.aps.org/doi/10.1103/PhysRev.69.127}
}

@article{ART:Purcell,
  title = {Resonance Absorption by Nuclear Magnetic Moments in a Solid},
  author = {Purcell, E. M. and Torrey, H. C. and Pound, R. V.},
  journal = {Phys. Rev.},
  volume = {69},
  issue = {1-2},
  pages = {37--38},
  numpages = {0},
  year = {1946},
  month = {Jan},
  publisher = {American Physical Society},
  doi = {10.1103/PhysRev.69.37},
  url = {https://link.aps.org/doi/10.1103/PhysRev.69.37}
}


@misc{T1,
  title         = {T1 weighted image.},
  author        = {Niknejad, M. and Baba, Y. and Deng, F.},
  doi           = {https://doi.org/10.53347/rID-21760},
  note          = {Accessed: 23/02/2023},
}

@misc{T2,
  title         = {T2 weighted image.},
  author        = {Jones, J. and Haouimi, A. and Vadera, S.},
  doi           = {https://doi.org/10.53347/rID-6345},
  note          = {Accessed: 23/02/2023},
}

@misc{FLAIR,
  title         = {Fluid attenuated inversion recovery.},
  author        = {Jones, J and Baba, Y. and Vadera, S.},
  doi           = {https://doi.org/10.53347/rID-5852},
  note          = {Accessed: 23/02/2023},
}


@article{ART:Finkelstein,
  title = {Differential diagnosis of T2 hypointense masses in musculoskeletal MRI},
  author = {Finkelstein, D. and Foremny, G. and Singer, A. and Clifford, P. and Pretzell-Mazzini, J and Kerr, D.A. and Subhawong, T.K.},
  journal = {Skeletal Radiology},
  volume = {50},
  issue = {10},
  numpages = {0},
  year = {2021},
  month = {01},
  doi = {https://doi.org/10.1007/s00256-021-03711-0},
}


@article{IMG:PulseSequences,
  title = {Early detection of secondary damage in ipsilateral thalamus after acute infarction at unilateral corona radiata by diffusion tensor imaging and magnetic resonance spectroscopy. },
  author = {Li, C. and Ling, X. and Liu, S and Xu, A. and Zhang, Y. and Xing, S. and Pei, Z. and Zeng, J.},
  journal = {BMC neurology},
  year = {2011},
  month = {05},
  doi = {https://doi.org/10.1186/1471-2377-11-49},
}

@article{ART:Pham,
author = {Pham, Dzung L. and Xu, Chenyang and Prince, Jerry L.},
title = {Current Methods in Medical Image Segmentation},
journal = {Annual Review of Biomedical Engineering},
volume = {2},
number = {1},
pages = {315-337},
year = {2000},
doi = {10.1146/annurev.bioeng.2.1.315},
  note ={PMID: 11701515},
URL = {  https://doi.org/10.1146/annurev.bioeng.2.1.315},
eprint = { https://doi.org/10.1146/annurev.bioeng.2.1.315 },
}


@inproceedings{ART:Withey,
  title={A Review of Medical Image Segmentation: Methods and Available Software},
  author={Daniel Withey and Zoltan J. Koles},
  year={2008}
}


@misc{IMG:Threshold,
  title         = {Sci-kit Image. Thresholding.},
  URL           = {https://scikit-image.org/docs/stable/auto_examples/applications/plot_thresholding.html},
  note          = {Accessed: 24/02/2023},
}


@article{ART:Ping,
  title={A review on image feature extraction and representation techniques},
  author={Ping Tian, Dong and others},
  journal={International Journal of Multimedia and Ubiquitous Engineering},
  volume={8},
  number={4},
  pages={385--396},
  year={2013}
}


@misc{sklearn_EM,
  title         = {Sci-kit Learn. Gaussian Mixture Models.},
  URL           = {https://scikit-learn.org/stable/modules/mixture.html},
  note          = {Accessed: 24/02/2023},
}


@InProceedings{MNI152_06,
author="Grabner, G{\"u}nther
and Janke, Andrew L.
and Budge, Marc M.
and Smith, David
and Pruessner, Jens
and Collins, D. Louis",
editor="Larsen, Rasmus
and Nielsen, Mads
and Sporring, Jon",
title="Symmetric Atlasing and Model Based Segmentation: An Application to the Hippocampus in Older Adults",
booktitle="Medical Image Computing and Computer-Assisted Intervention -- MICCAI 2006",
year="2006",
publisher="Springer Berlin Heidelberg",
address="Berlin, Heidelberg",
pages="58--66",
}

@InProceedings{ART:SPAM,
author="Collins, D. Louis
and Zijdenbos, Alex P.
and Baar{\'e}, Wim F. C.
and Evans, Alan C.",
editor="Kuba, Attila
and {\v{S}}{\'a}amal, Martin
and Todd-Pokropek, Andrew",
title="ANIMAL+INSECT: Improved Cortical Structure Segmentation",
booktitle="Information Processing in Medical Imaging",
year="1999",
publisher="Springer Berlin Heidelberg",
address="Berlin, Heidelberg",
pages="210--223",
}

@misc{Humanitas,
  title         = {GenoMed4All: il progetto Humanitas selezionato come European AI Excellence all’EXPO Dubai 2022.},
  URL           = {https://www.humanitas.it/news/genomed4all-il-progetto-humanitas-selezionato-come-european-ai-excellence-all-expo-dubai-2022/},
  note          = {Accessed: 24/02/2023},
}


@incollection{ART:Zheng,
author = {Chaoxin Zheng and Da-Wen Sun},
title = {2 - Image Segmentation Techniques},
editor = {Da-Wen Sun},
booktitle = {Computer Vision Technology for Food Quality Evaluation},
publisher = {Academic Press},
address = {Amsterdam},
pages = {37-56},
year = {2008},
series = {Food Science and Technology},
isbn = {978-0-12-373642-0},
doi = {https://doi.org/10.1016/B978-012373642-0.50005-3},
}


@article{ART:Qiao,
title = {Data on MRI brain lesion segmentation using K-means and Gaussian Mixture Model-Expectation Maximization},
journal = {Data in Brief},
volume = {27},
pages = {104628},
year = {2019},
issn = {2352-3409},
doi = {https://doi.org/10.1016/j.dib.2019.104628},
}

@article{ART:Lauric,
author = {Lauric, Alexandra and Frisken, Sarah},
journal = {Tufts University Working Paper},
year = {2007},
month = {01},
pages = {},
title = {Soft segmentation of CT brain data},
}


@article{ART:Huang,
title = {Image classification and adversarial robustness analysis based on hybrid quantum–classical convolutional neural network},
author = {Shui-Yuan Huang and Wan-Jia An and De-Shun Zhang and Nan-Run Zhou},
journal = {Optics Communications},
volume = {533},
pages = {129287},
year = {2023},
issn = {0030-4018},
doi = {https://doi.org/10.1016/j.optcom.2023.129287},
}

@article{ART:UNet,
  author    = {Olaf Ronneberger and
               Philipp Fischer and
               Thomas Brox},
  title     = {U-Net: Convolutional Networks for Biomedical Image Segmentation},
  journal   = {CoRR},
  volume    = {abs/1505.04597},
  year      = {2015},
  doi = {https://doi.org/10.48550/arXiv.1505.04597},
}


@article{ART:Junchi,
title = {The registration of visible and thermal images through multi-objective optimization},
journal = {Information Fusion},
volume = {95},
pages = {186-198},
year = {2023},
issn = {1566-2535},
doi = {https://doi.org/10.1016/j.inffus.2023.02.020},
url = {https://github.com/jb2849/MOIR.},
author = {Junchi Bin and Heqing Zhang and Zhila Bahrami and Ran Zhang and Huan Liu and Erik Blasch and Zheng Liu},
}


@article{ART:Hill,
doi = {10.1088/0031-9155/46/3/201},
year = {2001},
month = {mar},
publisher = {},
volume = {46},
number = {3},
pages = {R1},
author = {Derek L G Hill and Philipp G Batchelor and Mark Holden and David J Hawkes},
title = {Medical image registration},
journal = {Physics in Medicine & Biology},
}



@misc{Slicer_Resampling,
  title         = {3dSlicer Wiki. Registration:Resampling.},
  URL           = {https://www.slicer.org/wiki/Registration:Resampling},
  note          = {Accessed: 26/02/2023},
}


@misc{3DSlicer,
  title         = {3D Slicer image computing platform.},
  URL           = {https://www.slicer.org},
  note          = {Accessed: 01/03/2023},
}

@article{ART:ConfusionMatrix1,
title = {The impact of class imbalance in classification performance metrics based on the binary confusion matrix},
journal = {Pattern Recognition},
volume = {91},
pages = {216-231},
year = {2019},
issn = {0031-3203},
doi = {https://doi.org/10.1016/j.patcog.2019.02.023},
author = {Amalia Luque and Alejandro Carrasco and Alejandro Martín and Ana {de las Heras}},
}

@article{ART:ConfusionMatrix2,
author = {Powers, David},
year = {2008},
month = {01},
pages = {},
title = {Evaluation: From Precision, Recall and F-Factor to ROC, Informedness, Markedness & Correlation},
volume = {2},
journal = {Mach. Learn. Technol.}
}


@article{ART:Matthews,
author = {B.W. Matthews},
title = {Comparison of the predicted and observed secondary structure of T4 phage lysozyme},
journal = {Biochimica et Biophysica Acta (BBA) - Protein Structure},
volume = {405},
number = {2},
pages = {442-451},
year = {1975},
issn = {0005-2795},
doi = {https://doi.org/10.1016/0005-2795(75)90109-9},
}


@article{ART:Baldi,
    author = {Baldi, Pierre and Brunak, Søren and Chauvin, Yves and Andersen, Claus A. F. and Nielsen, Henrik},
    title = "{Assessing the accuracy of prediction algorithms for
  classification: an overview }",
    journal = {Bioinformatics},
    volume = {16},
    number = {5},
    pages = {412-424},
    year = {2000},
    month = {05},
    issn = {1367-4803},
    doi = {10.1093/bioinformatics/16.5.412},
}


@misc{MNI152_09a,
  title         = {ICBM 152 Nonlinear atlases version 2009.},
  URL           = {http://www.bic.mni.mcgill.ca/ServicesAtlases/ICBM152NLin2009},
  note          = {Accessed: 27/02/2023},
}

@article{ART:Elastix2,
title = "Fast parallel image registration on CPU and GPU for diagnostic classification of Alzheimer's disease",
author = "Shamonin, {Denis P.} and Bron, {Esther E.} and Lelieveldt, {Boudewijn P.F.} and Marion Smits and Stefan Klein and Marius Staring",
note = "FUNDING: This research was funded by the Netherlands Organization for Scientific Research (NWO), grants NWO VENI 639.021.919 and 639.021.124 and NWO NRG-2010.02, and by an Erasmus MC grant on “Advanced MR neuroimaging in presenile dementia.”",
year = "2014",
month = jan,
day = "16",
doi = "10.3389/fninf.2013.00050",
language = "English",
volume = "7",
journal = "Frontiers in Neuroinformatics",
issn = "1662-5196",
publisher = "Frontiers Media S.A.",
number = "JAN",
}

@book{ART:ITK,
author = {Johnson, Hans J. and Mccormick, Matt and Ibanez, Luis and Consortium, Insight Software},
title = {{The ITK Software Guide Third Edition - Updated for ITK version 4.5}},
url = {http://itk.org/ItkSoftwareGuide.pdf},
year = {2013}
}

@book{Bishop,
author = {Bishop, Christopher M. },
title = {{Pattern Recognition and Machine Learning}},
year = {2006}
}


@article{ART:skip_connections,
  title={Skip connections matter: On the transferability of adversarial examples generated with resnets},
  author={Wu, Dongxian and Wang, Yisen and Xia, Shu-Tao and Bailey, James and Ma, Xingjun},
  journal={arXiv preprint arXiv:2002.05990},
  year={2020},
  doi = {https://doi.org/10.48550/arXiv.2002.05990}
}


@article{ART:Han,
title = {Brain extraction from normal and pathological images: A joint PCA/Image-Reconstruction approach},
journal = {NeuroImage},
volume = {176},
pages = {431-445},
year = {2018},
issn = {1053-8119},
doi = {https://doi.org/10.1016/j.neuroimage.2018.04.073},
author = {Xu Han and Roland Kwitt and Stephen Aylward and Spyridon Bakas and Bjoern Menze and Alexander Asturias and Paul Vespa and John {Van Horn} and Marc Niethammer},
}

@book{Elastix_manual,
title = {Elastix. The Manual},
author = {Klein, Stefan and Staring, Marius},
year = {2019},
month = {10},
URL = {https://github.com/SuperElastix/elastix/releases/download/5.0.0/elastix-5.0.0-manual.pdf}
}

@book{Numpy,
  title={A guide to NumPy},
  author={Oliphant, Travis E},
  volume={1},
  year={2006},
  publisher={Trelgol Publishing USA}
}


@misc{ITK-Elastix,
  title = {ITK-Elastix},
  author = {Insight Software Consortium},
  url = {https://github.com/InsightSoftwareConsortium/ITKElastix}
}


@misc{Neuroradiomics,
  title = {Neuroradiomics},
  author = {Biondini, Nicolas and Biondi, Riccardo},
  year = {2023},
  publisher = {GitHub},
  url = {https://github.com/bionano94/Neuroradiomics}
}

@article{scikit-learn,
 title={Scikit-learn: Machine Learning in {P}ython},
 author={Pedregosa, F. and Varoquaux, G. and Gramfort, A. and Michel, V.
         and Thirion, B. and Grisel, O. and Blondel, M. and Prettenhofer, P.
         and Weiss, R. and Dubourg, V. and Vanderplas, J. and Passos, A. and
         Cournapeau, D. and Brucher, M. and Perrot, M. and Duchesnay, E.},
 journal={Journal of Machine Learning Research},
 volume={12},
 pages={2825--2830},
 year={2011}
}


@article{ART:Martì,
 title={MR Image Acquisition: From 20 to 3D},
 author={Martì-Bonmatì, Luis},
 journal={3D Image Processing: Techniques and Clinical Applications},
 publisher={Springer},
 pages={21--31},
 year={2002},
 doi = {10.1007/978-3-642-59438-0}
}


@article{Art:Casella,
author = {James F. Casella and Allison A. King and Bruce Barton and Desiree A. White and Michael J. Noetzel and Rebecca N. Ichord and Cindy Terrill and Deborah Hirtz and Robert C. McKinstry and John J. Strouse and Thomas H. Howard and Thomas D. Coates and Caterina P. Minniti and Andrew D. Campbell and Bruce A. Vendt and Harold Lehmann and Michael R. DeBaun},
title = {DESIGN OF THE SILENT CEREBRAL INFARCT TRANSFUSION (SIT) TRIAL},
journal = {Pediatric Hematology and Oncology},
volume = {27},
number = {2},
pages = {69-89},
year  = {2010},
publisher = {Taylor & Francis},
doi = {10.3109/08880010903360367},
}


@article{ART:SMOTE, 
  title={SMOTE: synthetic minority over-sampling technique}, 
  author={Chawla, Nitesh V and Bowyer, Kevin W and Hall, Lawrence O and Kegelmeyer, W Philip},
  journal={Journal of artificial intelligence research}, 
  volume={16}, 
  pages={321--357}, 
  year={2002} 
}


@article{Imbalanced-Learn,
author  = {Guillaume  Lema{{\^i}}tre and Fernando Nogueira and Christos K. Aridas},
title   = {Imbalanced-learn: A Python Toolbox to Tackle the Curse of Imbalanced Datasets in Machine Learning},
journal = {Journal of Machine Learning Research},
year    = {2017},
volume  = {18},
number  = {17},
pages   = {1-5},
url     = {http://jmlr.org/papers/v18/16-365}
}


@article{ART:FSL,
title = {FSL},
journal = {NeuroImage},
volume = {62},
number = {2},
pages = {782-790},
year = {2012},
note = {20 YEARS OF fMRI},
issn = {1053-8119},
doi = {https://doi.org/10.1016/j.neuroimage.2011.09.015},
author = {Mark Jenkinson and Christian F. Beckmann and Timothy E.J. Behrens and Mark W. Woolrich and Stephen M. Smith}}


@article{ART:AUCPR,
title = {The precision–recall curve overcame the optimism of the receiver operating characteristic curve in rare diseases},
journal = {Journal of Clinical Epidemiology},
volume = {68},
number = {8},
pages = {855-859},
year = {2015},
issn = {0895-4356},
doi = {https://doi.org/10.1016/j.jclinepi.2015.02.010},
author = {Brice Ozenne and Fabien Subtil and Delphine Maucort-Boulch},
}


@article{ART:Ford,
title = {Silent infarcts in sickle cell disease occur in the border zone region and are associated with low cerebral blood flow},
journal = {Blood},
volume = {132},
number = {16},
pages = {1714-1723},
year = {2018},
issn = {0006-4971},
doi = {https://doi.org/10.1182/blood-2018-04-841247},
author = {Andria L. Ford and Dustin K. Ragan and Slim Fellah and Michael M. Binkley and Melanie E. Fields and Kristin P. Guilliams and Hongyu An and Lori C. Jordan and Robert C. McKinstry and Jin-Moo Lee and Michael R. DeBaun},
}


@article{ART:outliers,
title = {Chaining Zscore and feature scaling methods to improve neural networks for classification},
journal = {Applied Soft Computing},
volume = {123},
pages = {108908},
year = {2022},
issn = {1568-4946},
doi = {https://doi.org/10.1016/j.asoc.2022.108908},
url = {https://www.sciencedirect.com/science/article/pii/S1568494622002733},
author = {Calpephore Nkikabahizi and Wilson Cheruiyot and Ann Kibe},
}



@misc{RobustScaler,
  title = {Robust Scaler},
  url = {https://scikit-learn.org/stable/modules/generated/sklearn.preprocessing.RobustScaler.html},
  accessed = {10/03/2023}
}